@article{van2012role,
  title={The role of liquid chromatography--tandem mass spectrometry in the clinical laboratory},
  author={van den Ouweland, Johannes MW and Kema, Ido P},
  journal={Journal of chromatography B},
  volume={883},
  pages={18--32},
  year={2012},
  publisher={Elsevier}
}

@article{petrovic2005liquid,
  title={Liquid chromatography--tandem mass spectrometry for the analysis of pharmaceutical residues in environmental samples: a review},
  author={Petrovi{\'c}, Mira and Hernando, Maria Dolores and D{\'\i}az-Cruz, M Silvia and Barcel{\'o}, Dami{\`a}},
  journal={Journal of Chromatography A},
  volume={1067},
  number={1-2},
  pages={1--14},
  year={2005},
  publisher={Elsevier}
}

@article{strittmatter2004application,
  title={Application of peptide LC retention time information in a discriminant function for peptide identification by tandem mass spectrometry},
  author={Strittmatter, Eric F and Kangas, Lars J and Petritis, Konstantinos and Mottaz, Heather M and Anderson, Gordon A and Shen, Yufeng and Jacobs, Jon M and Camp, David G and Smith, Richard D},
  journal={Journal of proteome research},
  volume={3},
  number={4},
  pages={760--769},
  year={2004},
  publisher={ACS Publications}
}

@article{yang2021prediction,
  title={Prediction of liquid chromatographic retention time with graph neural networks to assist in small molecule identification},
  author={Yang, Qiong and Ji, Hongchao and Lu, Hongmei and Zhang, Zhimin},
  journal={Analytical Chemistry},
  volume={93},
  number={4},
  pages={2200--2206},
  year={2021},
  publisher={ACS Publications}
}

@article{moruz2017peptide,
  title={Peptide retention time prediction},
  author={Moruz, Luminita and K{\"a}ll, Lukas},
  journal={Mass spectrometry reviews},
  volume={36},
  number={5},
  pages={615--623},
  year={2017},
  publisher={Wiley Online Library}
}

@article{bouwmeester2019comprehensive,
  title={Comprehensive and empirical evaluation of machine learning algorithms for small molecule LC retention time prediction},
  author={Bouwmeester, Robbin and Martens, Lennart and Degroeve, Sven},
  journal={Analytical chemistry},
  volume={91},
  number={5},
  pages={3694--3703},
  year={2019},
  publisher={ACS Publications}
}

@article{qu2021predicting,
  title={Predicting kovats retention indices using graph neural networks},
  author={Qu, Chen and Schneider, Barry I and Kearsley, Anthony J and Keyrouz, Walid and Allison, Thomas C},
  journal={Journal of Chromatography A},
  volume={1646},
  pages={462100},
  year={2021},
  publisher={Elsevier}
}

@article{tetko2004application,
  title={Application of ALOGPS to predict 1-octanol/water distribution coefficients, logP, and logD, of AstraZeneca in-house database},
  author={Tetko, Igor V and Bruneau, Pierre},
  journal={Journal of pharmaceutical sciences},
  volume={93},
  number={12},
  pages={3103--3110},
  year={2004},
  publisher={Elsevier}
}

@article{lopez2021multiple,
  title={Multiple linear regression models for predicting the n-octanol/water partition coefficients in the SAMPL7 blind challenge},
  author={Lopez, Kenneth and Pinheiro, Silvana and Zamora, William J},
  journal={Journal of computer-aided molecular design},
  volume={35},
  number={8},
  pages={923--931},
  year={2021},
  publisher={Springer}
}

@article{mannhold2009calculation,
  title={Calculation of molecular lipophilicity: State-of-the-art and comparison of log P methods on more than 96,000 compounds},
  author={Mannhold, Raimund and Poda, Gennadiy I and Ostermann, Claude and Tetko, Igor V},
  journal={Journal of pharmaceutical sciences},
  volume={98},
  number={3},
  pages={861--893},
  year={2009},
  publisher={Elsevier}
}

@article{bjerrum2017molecular,
  title={Molecular generation with recurrent neural networks (RNNs)},
  author={Bjerrum, Esben Jannik and Threlfall, Richard},
  journal={arXiv preprint arXiv:1705.04612},
  year={2017}
}

@article{wieder2020compact,
  title={A compact review of molecular property prediction with graph neural networks},
  author={Wieder, Oliver and Kohlbacher, Stefan and Kuenemann, M{\'e}laine and Garon, Arthur and Ducrot, Pierre and Seidel, Thomas and Langer, Thierry},
  journal={Drug Discovery Today: Technologies},
  volume={37},
  pages={1--12},
  year={2020},
  publisher={Elsevier}
}

@inproceedings{welling2016semi,
  title={Semi-supervised classification with graph convolutional networks},
  author={Welling, Max and Kipf, Thomas N},
  booktitle={J. International Conference on Learning Representations (ICLR 2017)},
  year={2016}
}

@article{mansouri2018opera,
  title={OPERA models for predicting physicochemical properties and environmental fate endpoints},
  author={Mansouri, Kamel and Grulke, Chris M and Judson, Richard S and Williams, Antony J},
  journal={Journal of cheminformatics},
  volume={10},
  number={1},
  pages={1--19},
  year={2018},
  publisher={BioMed Central}
}

@article{martel2013large,
  title={Large, chemically diverse dataset of log P measurements for benchmarking studies},
  author={Martel, Sophie and Gillerat, Fabrice and Carosati, Emanuele and Maiarelli, Daniele and Tetko, Igor V and Mannhold, Raimund and Carrupt, Pierre-Alain},
  journal={European Journal of Pharmaceutical Sciences},
  volume={48},
  number={1-2},
  pages={21--29},
  year={2013},
  publisher={Elsevier}
}

@article{bergazin2021evaluation,
  title={Evaluation of log P, pKa, and log D predictions from the SAMPL7 blind challenge},
  author={Bergazin, Teresa Danielle and Tielker, Nicolas and Zhang, Yingying and Mao, Junjun and Gunner, Marilyn R and Francisco, Karol and Ballatore, Carlo and Kast, Stefan M and Mobley, David L},
  journal={Journal of computer-aided molecular design},
  volume={35},
  number={7},
  pages={771--802},
  year={2021},
  publisher={Springer}
}

@article{lenselink2021multitask,
  title={Multitask machine learning models for predicting lipophilicity (logP) in the SAMPL7 challenge},
  author={Lenselink, Eelke B and Stouten, Pieter FW},
  journal={Journal of Computer-Aided Molecular Design},
  volume={35},
  number={8},
  pages={901--909},
  year={2021},
  publisher={Springer}
}

@article{corso2020principal,
  title={Principal neighbourhood aggregation for graph nets},
  author={Corso, Gabriele and Cavalleri, Luca and Beaini, Dominique and Li{\`o}, Pietro and Veli{\v{c}}kovi{\'c}, Petar},
  journal={Advances in Neural Information Processing Systems},
  volume={33},
  pages={13260--13271},
  year={2020}
}

@article{ryu2018deeply,
  title={Deeply learning molecular structure-property relationships using attention-and gate-augmented graph convolutional network},
  author={Ryu, Seongok and Lim, Jaechang and Hong, Seung Hwan and Kim, Woo Youn},
  journal={arXiv preprint arXiv:1805.10988},
  year={2018}
}

@article{plante2018jplogp,
  title={JPlogP: an improved logP predictor trained using predicted data},
  author={Plante, Jeffrey and Werner, Stephane},
  journal={Journal of cheminformatics},
  volume={10},
  number={1},
  pages={1--10},
  year={2018},
  publisher={Springer}
}

@article{ulrich2021exploring,
  title={Exploring the octanol--water partition coefficient dataset using deep learning techniques and data augmentation},
  author={Ulrich, Nadin and Goss, Kai-Uwe and Ebert, Andrea},
  journal={Communications Chemistry},
  volume={4},
  number={1},
  pages={1--10},
  year={2021},
  publisher={Nature Publishing Group}
}

@article{lui2020comparison,
  title={A comparison of molecular representations for lipophilicity quantitative structure--property relationships with results from the SAMPL6 logP Prediction Challenge},
  author={Lui, Raymond and Guan, Davy and Matthews, Slade},
  journal={Journal of computer-aided molecular design},
  volume={34},
  number={5},
  pages={523--534},
  year={2020},
  publisher={Springer}
}

@software{teresa_danielle_bergazin_2021_5637494,
  author       = {Teresa Danielle Bergazin and
                  David L. Mobley and
                  Martin Amezcua and
                  Harold Grosjean and
                  Mehtap Isik and
                  David Slochower and
                  John Chodera and
                  Nicolas Tielker and
                  Dhiman Ray and
                  Sukanya Sasmal and
                  Kusuri Murakumo},
  title        = {{samplchallenges/SAMPL7: Version 1.1: Update logP 
                   analysis; release PHIP2 analysis}},
  month        = nov,
  year         = 2021,
  publisher    = {Zenodo},
  version      = {1.1},
  doi          = {10.5281/zenodo.5637494},
  url          = {https://doi.org/10.5281/zenodo.5637494}
}

@article{you2020design,
  title={Design space for graph neural networks},
  author={You, Jiaxuan and Ying, Zhitao and Leskovec, Jure},
  journal={Advances in Neural Information Processing Systems},
  volume={33},
  pages={17009--17021},
  year={2020}
}

@article{cheng2007computation,
  title={Computation of octanol- water partition coefficients by guiding an additive model with knowledge},
  author={Cheng, Tiejun and Zhao, Yuan and Li, Xun and Lin, Fu and Xu, Yong and Zhang, Xinglong and Li, Yan and Wang, Renxiao and Lai, Luhua},
  journal={Journal of chemical information and modeling},
  volume={47},
  number={6},
  pages={2140--2148},
  year={2007},
  publisher={ACS Publications}
}

@article{caruana1997multitask,
  title={Multitask learning},
  author={Caruana, Rich},
  journal={Machine learning},
  volume={28},
  number={1},
  pages={41--75},
  year={1997},
  publisher={Springer}
}

@article{domingo2019metlin,
  title={The METLIN small molecule dataset for machine learning-based retention time prediction},
  author={Domingo-Almenara, Xavier and Guijas, Carlos and Billings, Elizabeth and Montenegro-Burke, J Rafael and Uritboonthai, Winnie and Aisporna, Aries E and Chen, Emily and Benton, H Paul and Siuzdak, Gary},
  journal={Nature communications},
  volume={10},
  number={1},
  pages={1--9},
  year={2019},
  publisher={Nature Publishing Group}
}

@article{isert2022qmugs,
  title={QMugs, quantum mechanical properties of drug-like molecules},
  author={Isert, Clemens and Atz, Kenneth and Jim{\'e}nez-Luna, Jos{\'e} and Schneider, Gisbert},
  journal={Scientific Data},
  volume={9},
  number={1},
  pages={1--11},
  year={2022},
  publisher={Nature Publishing Group}
}

@article{weiss2016survey,
  title={A survey of transfer learning},
  author={Weiss, Karl and Khoshgoftaar, Taghi M and Wang, DingDing},
  journal={Journal of Big data},
  volume={3},
  number={1},
  pages={1--40},
  year={2016},
  publisher={SpringerOpen}
}

@article{chen2021mrlogp,
  title={MRlogP: transfer learning enables accurate logP prediction using small experimental training datasets},
  author={Chen, Yan-Kai and Shave, Steven and Auer, Manfred},
  journal={Processes},
  volume={9},
  number={11},
  pages={2029},
  year={2021},
  publisher={MDPI}
}

@article{capela2019multitask,
  title={Multitask learning on graph neural networks applied to molecular property predictions},
  author={Capela, Fabio and Nouchi, Vincent and Van Deursen, Ruud and Tetko, Igor V and Godin, Guillaume},
  journal={arXiv preprint arXiv:1910.13124},
  year={2019}
}
